<?xml version="1.0" encoding="utf-8"?>
<record xmlns="http://www.loc.gov/MARC21/slim" xmlns:xsi="http://www.w3.org/2001/XMLSchema-instance" xsi:schemaLocation="http://www.loc.gov/MARC21/slim http://www.loc.gov/standards/marcxml/schema/MARC21slim.xsd">
	<leader>     nam a22     Mi 4500</leader>
	<controlfield tag="001">6651</controlfield>
	<controlfield tag="003">aeadna</controlfield>
	<controlfield tag="006">m        d        </controlfield>
	<controlfield tag="007">cr cn |||m|||a</controlfield>
	<controlfield tag="008">220613s1932||||ua     fo    n00| 0dara|d</controlfield>
	<datafield ind1=" " ind2=" " tag="040">
		<subfield code="a">ZYU</subfield>
		<subfield code="b">ara</subfield>
		<subfield code="c">ZYU</subfield>
	</datafield>
	<datafield ind1="0" ind2=" " tag="041">
		<subfield code="a">ara</subfield>
	</datafield>
	<datafield ind1=" " ind2=" " tag="043">
		<subfield code="a">a-iq---</subfield>
	</datafield>
	<datafield ind1=" " ind2="4" tag="050">
		<subfield code="a">DS79.9.B25</subfield>
		<subfield code="b">.M83 1932</subfield>
	</datafield>
	<datafield ind1="1" ind2="4" tag="082">
		<subfield code="a">956.05</subfield>
		<subfield code="b">21</subfield>
	</datafield>
	<datafield ind1="1" ind2=" " tag="100">
		<subfield code="6">880-01</subfield>
		<subfield code="a">Mudawwar, Jamīl Nakhlah.</subfield>
	</datafield>
	<datafield ind1="1" ind2="0" tag="245">
		<subfield code="6">880-02</subfield>
		<subfield code="a">Ḥaḍārat al-Islām fī Dār al-Salām</subfield>
		<subfield code="h">[electronic resource] /</subfield>
		<subfield code="c">taʼlīf Jamīl Nakhlah al-Mudawwar.</subfield>
	</datafield>
	<datafield ind1=" " ind2=" " tag="250">
		<subfield code="6">880-03</subfield>
		<subfield code="a">Ṭabʻah munaqqaḥah.</subfield>
	</datafield>
	<datafield ind1=" " ind2=" " tag="260">
		<subfield code="6">880-04</subfield>
		<subfield code="a">al-Qāhirah : Wizārat al-Maʻrāf al-ʻUmūiyah,</subfield>
		<subfield code="c">1932 M.</subfield>
	</datafield>
	<datafield ind1=" " ind2=" " tag="300">
		<subfield code="6">880-05</subfield>
		<subfield code="a">online resource (I-E, 324 p.)</subfield>
	</datafield>
	<datafield ind1=" " ind2=" " tag="500">
		<subfield code="a">Non-Latin script record</subfield>
	</datafield>
	<datafield ind1=" " ind2=" " tag="500">
		<subfield code="a">Part of the Arabic Collections Online (ACO) project, contributed by United Arab Emirates National Archives.</subfield>
	</datafield>
	<datafield ind1=" " ind2=" " tag="533">
		<subfield code="a">Electronic reproduction.</subfield>
		<subfield code="b">New York, N.Y. :</subfield>
		<subfield code="c">New York University,</subfield>
		<subfield code="d">2022.</subfield>
		<subfield code="5">NNU</subfield>
	</datafield>
	<datafield ind1=" " ind2="0" tag="650">
		<subfield code="6">880-06</subfield>
		<subfield code="a">Islamic civilization.</subfield>
	</datafield>
	<datafield ind1=" " ind2="0" tag="651">
		<subfield code="6">880-07</subfield>
		<subfield code="a">Iraq</subfield>
		<subfield code="x">History</subfield>
		<subfield code="x">Abbasids.</subfield>
	</datafield>
	<datafield ind1=" " ind2="0" tag="651">
		<subfield code="6">880-08</subfield>
		<subfield code="a">Arab world</subfield>
		<subfield code="x">History</subfield>
		<subfield code="x">Abbasids.</subfield>
	</datafield>
	<datafield ind1=" " ind2="0" tag="651">
		<subfield code="6">880-09</subfield>
		<subfield code="a">Baghdad (Iraq)</subfield>
		<subfield code="x">History.</subfield>
	</datafield>
	<datafield ind1="2" ind2=" " tag="710">
		<subfield code="a">Abu Dhabi (United Arab Emirates).</subfield>
		<subfield code="b">National Archives.</subfield>
	</datafield>
	<datafield ind1="0" ind2=" " tag="730">
		<subfield code="a">Arabic Collections Online.</subfield>
	</datafield>
	<datafield ind1="0" ind2="8" tag="776">
		<subfield code="i">Print version:</subfield>
		<subfield code="a">Mudawwar, Jamīl Nakhlah.</subfield>
		<subfield code="t">Ḥaḍārat al-Islām fī Dār al-Salām</subfield>
		<subfield code="w">(aeadna)6651</subfield>
	</datafield>
	<datafield ind1="4" ind2="0" tag="856">
		<subfield code="u">http://hdl.handle.net/2333.1/zpc86jsg</subfield>
	</datafield>
	<datafield ind1="1" ind2=" " tag="880">
		<subfield code="6">100-01</subfield>
		<subfield code="a">مدور، جميل  نخلة.‎</subfield>
	</datafield>
	<datafield ind1="1" ind2="0" tag="880">
		<subfield code="6">245-02</subfield>
		<subfield code="a">حضارة الاسلام في دار السلام /‎</subfield>
		<subfield code="c">تأليف جميل نخلة المدور.‎</subfield>
	</datafield>
	<datafield ind1=" " ind2=" " tag="880">
		<subfield code="6">250-03</subfield>
		<subfield code="a">طبعة منقَّحة.‎</subfield>
	</datafield>
	<datafield ind1=" " ind2=" " tag="880">
		<subfield code="6">260-04</subfield>
		<subfield code="a">القاهرة :‎</subfield>
		<subfield code="b">وزارة المعارف العمومية ،‎</subfield>
		<subfield code="c">1932 م.‎</subfield>
	</datafield>
	<datafield ind1=" " ind2=" " tag="880">
		<subfield code="6">300-05</subfield>
		<subfield code="a">أ-ي، 324 ص. ؛‎</subfield>
		<subfield code="c">24 سم.‎</subfield>
	</datafield>
	<datafield ind1=" " ind2=" " tag="880">
		<subfield code="6">500-00</subfield>
		<subfield code="a">حالة الكتاب المادية جيدة. مُجلّد. طبعة أصلية.‎</subfield>
	</datafield>
	<datafield ind1=" " ind2=" " tag="880">
		<subfield code="6">500-00</subfield>
		<subfield code="a">طبع بمطبعة الاعتماد بشارع حسن الأكبر بمصر 1351هـ-1932م.‎</subfield>
	</datafield>
	<datafield ind1=" " ind2=" " tag="880">
		<subfield code="6">504-00</subfield>
		<subfield code="a">ببليوغرافيا: ص322-324‎</subfield>
	</datafield>
	<datafield ind1=" " ind2=" " tag="880">
		<subfield code="6">520-00</subfield>
		<subfield code="a">يُعد كتاب حضارة الإسلام في دار السلام عملاً عن الخيال التاريخي مكتوباً بأسلوب سرد مباشر خالٍ من الزخرفة الأسلوبية. ودار السلام المُشار إليها هي بغداد. يُغطي الكتاب تلك الفترة الانتقالية في الأدب العربي من الاستعارة الشعرية الباروكية إلى أسلوبٍ نثري مقتضب حديث. كذلك جاء التعامل مع الموضوع مبتكراً، فبدلاً من كتابة مقال عن أمجاد العصر العباسي (750-1258)، فإن العمل يُقدَّم على أنه رواية لرحالة فارسي مجهول يكتب إلى أهله عن الأوضاع في الإمبراطورية التي غلبت عليها الثقافة الفارسية. يصف الكتاب مناظر المدينة والحياة الثقافية والسياسية في البصرة وبغداد، وذلك بالاعتماد على الكثير من المصادر التاريخية والأدبية العربية. وكما يُشير العنوان، يسعى المؤلف جميل نخلة المدوّر (1862-1907) لإعادة أجواء هذا العصر الذهبي من الإنجازات الإسلامية. وقد رُبطت كل محادثة أو إشارة إلى المكان بمصدرها في القرون الوسطى حيث استُوحي ذلك المنظر. وتشمل تلك المصادر المعاصرة لأحداث الرواية كتاب الأغاني (لأبي الفرج الأصفهاني، 897 أو 898-967) والجغرافيا لياقوت الحموي (حوالي 1179-1229) وكتاب ألف ليلة وليلة (يرجع تاريخ معظمها إلى القرن الثامن وحتى القرن الرابع عشر). كانت بغداد العباسية واقعة تحت سيطرة أسرة البرامكة الإيرانية (والشيعية) التي بنت بغداد لتصبح العاصمة السياسية والثقافية الفاخرة في التاريخ والأساطير، وذلك حتى التخلص من البرامكة في أوائل القرن التاسع. وقد أدخل المُدوّر منهجاً جديداً على تاريخ بغداد في هذه الرواية الرائجة. لا يُعرف إلا القليل عن المؤلف، باستثناء أنه وُلِد في بيروت وقضى حياته الإبداعية في القاهرة. وقد طُبِع العمل في مطبعة جريدة المقتطف، التي ساعدت كذلك في تمويل النشر.‎</subfield>
	</datafield>
	<datafield ind1=" " ind2=" " tag="880">
		<subfield code="6">541-00</subfield>
		<subfield code="a">هدية سمو الشيخ فالح بن ناصر آل ثاني إلى مكتبة مركز الوثائق والدراسات أبو ظبي.‎</subfield>
	</datafield>
	<datafield ind1=" " ind2="4" tag="880">
		<subfield code="6">650-06</subfield>
		<subfield code="a">الحضارة الإسلامية‎</subfield>
	</datafield>
	<datafield ind1=" " ind2="4" tag="880">
		<subfield code="6">651-07</subfield>
		<subfield code="a">العراق‎</subfield>
		<subfield code="x">تاريخ‎</subfield>
		<subfield code="y">العصر العباسي‎</subfield>
	</datafield>
	<datafield ind1=" " ind2="4" tag="880">
		<subfield code="6">651-08</subfield>
		<subfield code="a">العالم العربي‎</subfield>
		<subfield code="x">تاريخ‎</subfield>
		<subfield code="y">العصر العباسي ‎</subfield>
	</datafield>
	<datafield ind1=" " ind2="4" tag="880">
		<subfield code="6">651-09</subfield>
		<subfield code="a">بغداد (العراق)‎</subfield>
		<subfield code="x">تاريخ‎</subfield>
	</datafield>
	<datafield ind1=" " ind2=" " tag="880">
		<subfield code="6">949-00</subfield>
		<subfield code="a">956.05 ك د ح ض‎</subfield>
		<subfield code="w">DDC</subfield>
		<subfield code="i">30018000012227</subfield>
		<subfield code="u">06/23/2003</subfield>
		<subfield code="d">04/26/2010</subfield>
		<subfield code="n">0</subfield>
		<subfield code="t">Book</subfield>
		<subfield code="l">av</subfield>
		<subfield code="m">MAIN</subfield>
		<subfield code="x">RAR</subfield>
	</datafield>
	<datafield ind1=" " ind2=" " tag="959">
		<subfield code="a">NNU</subfield>
		<subfield code="b">WEB</subfield>
		<subfield code="c">GENI</subfield>
		<subfield code="t">0</subfield>
		<subfield code="m">Electronic access</subfield>
		<subfield code="s">01</subfield>
	</datafield>
	<datafield ind1=" " ind2=" " tag="999">
		<subfield code="i">aeadna_6651</subfield>
		<subfield code="s">uaena_aco000103:1</subfield>
		<subfield code="e">(ERROR-880)(ERROR-MISC)</subfield>
		<subfield code="s">uaena_aco000103:1</subfield>
	</datafield>
</record>
